<?xml version="1.0" encoding="UTF-8"?><record xmlns="http://www.loc.gov/MARC21/slim" xmlns:cinclude="http://apache.org/cocoon/include/1.0" xmlns:zs="http://www.loc.gov/zing/srw/">
  <leader>01052cz  a2200229n  4500</leader>
  <controlfield tag="001">n  78082695 </controlfield>
  <controlfield tag="003">DLC</controlfield>
  <controlfield tag="005">20090307080930.0</controlfield>
  <controlfield tag="008">781107nc acannaabn          |b ana      </controlfield>
  <datafield tag="010" ind1=" " ind2=" ">
    <subfield code="a">n  78082695 </subfield>
  </datafield>
  <datafield tag="035" ind1=" " ind2=" ">
    <subfield code="a">(OCoLC)oca00217965</subfield>
  </datafield>
  <datafield tag="040" ind1=" " ind2=" ">
    <subfield code="a">DLC</subfield>
    <subfield code="b">eng</subfield>
    <subfield code="c">DLC</subfield>
    <subfield code="d">OCoLC</subfield>
  </datafield>
  <datafield tag="110" ind1="2" ind2=" ">
    <subfield code="a">Zhongguo ke xue yuan.</subfield>
    <subfield code="b">Beijing li xue yan jiu suo</subfield>
  </datafield>
  <datafield tag="410" ind1="2" ind2=" ">
    <subfield code="a">Zhongguo ke xue yuan.</subfield>
    <subfield code="b">Bei jing li xue yan jiu suo</subfield>
  </datafield>
  <datafield tag="410" ind1="2" ind2=" ">
    <subfield code="a">Zhongguo ke xue yuan Beijing li xue yan jiu suo</subfield>
  </datafield>
  <datafield tag="410" ind1="2" ind2=" ">
    <subfield code="w">nnea</subfield>
    <subfield code="a">Chung-kuo kʻo hsüeh yüan.</subfield>
    <subfield code="b">Pei-ching li hsüeh yen chiu so</subfield>
  </datafield>
  <datafield tag="410" ind1="2" ind2=" ">
    <subfield code="a">中国科学院.</subfield>
    <subfield code="b">北京力学研究所</subfield>
  </datafield>
  <datafield tag="510" ind1="2" ind2=" ">
    <subfield code="a">Zhongguo ke xue yuan.</subfield>
    <subfield code="b">Li xue yan jiu suo</subfield>
  </datafield>
  <datafield tag="667" ind1=" " ind2=" ">
    <subfield code="a">Machine-derived non-Latin script reference project.</subfield>
  </datafield>
  <datafield tag="667" ind1=" " ind2=" ">
    <subfield code="a">Non-Latin script reference not evaluated.</subfield>
  </datafield>
  <datafield tag="670" ind1=" " ind2=" ">
    <subfield code="a">Its Ku tʻi li hsüeh yen chiu shih.</subfield>
    <subfield code="b">Pan kʻo tsu. Chia tsʻeng ... 1977 (subdiv.) t.p. (Chung-kuo kʻo hsüeh yüan Pei-ching li hsüeh yen chiu so)</subfield>
  </datafield>
  <datafield tag="675" ind1=" " ind2=" ">
    <subfield code="a">Chia chin yüan chu ... 1983: t.p. (Chung-kuo kʻo hsüeh yüan li hsüeh yen chiu so)</subfield>
  </datafield>
</record>